<?xml version="1.0" encoding="UTF-8"?><collection xmlns="http://www.loc.gov/MARC21/slim"><record><leader>00326nam--2200121-i-4500</leader><controlfield tag="001">000005369</controlfield><controlfield tag="002">20161230</controlfield><controlfield tag="005">20161230201026</controlfield><controlfield tag="008">060222s1000------------r-----000-0-eng-d</controlfield><datafield ind1=" " ind2=" " tag="100"><subfield code="a">Bruinsma, A.H</subfield></datafield><datafield ind1=" " ind2=" " tag="245"><subfield code="a">Les montages multivibrateurs.introduction a la technique des robots</subfield></datafield><datafield ind1=" " ind2=" " tag="260"><subfield code="a">Paris, Dunod, 1959. 74 P</subfield></datafield><datafield ind1=" " ind2=" " tag="852"><subfield code="a">13622</subfield></datafield></record></collection>